@article{bib:cellcount,
	Author = {Xie, Weidi and Noble, J. Alison and Zisserman, Andrew},
	Journal = {Department of Engineering Science, University of Oxford, UK},
	Title = {Microscopy Cell Counting with Fully
	Convolutional Regression Networks},
	Year = {2015},
}

@article{bib:medianfilter,
	Author = {Perreault, S. and Hébert, P.},
	Title = {Median filtering in constant time},
	Year = {2007},
	Journal = {IEEE Transactions on Image Processing},
	Volume = {16},
	Number = {9},
	Pages = {2389–2394}
}

@article{bib:otsu,
	Author = {Nobuyuki Otsu},
	Title = {A threshold selection method from gray-level histograms},
	Journal = {Automatica},
	Issue = {285–296},
	Volume = {11},
	Pages = {23-27},
	Year = {1975}
}

@article{bib:petuninfilter,
	Author = {Присяжная, М. В.},
	Title = {Фильтрация изображений с использованием эллипсов Пету- нина},
	Journal = {Журнал обчислювальної та прикладної математики},
	Year = {2014},
	Volume = {1},
	Number = {115},
}

@article{bib:pstatistics,
	Author = {Клюшин, Д. А. and Петунин., Ю. И.},
	Title = {Непараметрический критерий эквивалентности генеральных совокупностей, основанный на мере близости между выборками},
	Year = {2003},
	Journal = {Український математичний журнал},
	Volume = {5},
	Pages = {147–163},
}

@article{bib:hill,
	Author = {Hill, B. M.},
	Year = {1968},
	Title = {Posterior Distribution of Percentiles: Bayes’ Theorem for Sampling from a Population.},
	Journal = {Journal of the American Statistical Association},
	Volume = {63},
	Number = {322},
	Pages = {677},	
}

@article{nn:krizhevsky_imagenet,
	Author = {Krizhevsky, A. and Sutskever, I. and Hinton, G. E.},
	Year = {2012},
	Title = {Imagenet classification with deep convolutional neural networks},
	Journal = {Advances in neural information processing systems},
	Pages = {1097–1105},	
}

@article{nn:kaiming,
	Author = {Kaiming, He and 
	Xiangyu, Zhang and
	Shaoqing, Ren and
	Jian, Sun and},
	Title = {Delving Deep into Rectifiers:
	Surpassing Human-Level Performance on ImageNet Classification},
	Year = {2015}
}

@article{nn:lecun_cnn,
	Author = {LeCun, Yann and Bottou, Léon and Bengio, Yoshua and Haffner, Patrick},
	Year = {1998},
	Journal = {Proceedings of the IEEE},
	Volume = {86},
	Number = {11},
	Pages = {2278-2324}
}

@article{nn:adagrad,
	Title = {Adaptive Subgradient Methods for
	Online Learning and Stochastic Optimization},
	Author = {Duchi, J. and Hazan, E. and Singer, Y.},
	Year = {2011},
	Journale = {Journal of Machine Learning Research},
	Volume = {12},
	Pages = {2121-2159},
}

@article{nn:adam,
	Author = {Diederik, P. Kingma and Jimmy, Ba},
	Title = {Adam: A Method for Stochastic Optimization},
	Journal = {International Conference for Learning Representations},
	Year = {2015}
}

@article{nn:dropout,
	Author = {Srivastava, N. and Hinton, G. E. and Krizhevsky, A. and Sutskever, I. and Salakhutdinov, R.},
	Year = {2014},
	Title = {Dropout: a simple way to prevent neural networks from overfitting.},
	Journal = {Journal of Machine Learning Research},
	Volume = {15},
	Number = {1},
	Pages = {1929–1958}
}

@article{nn:vgg,
	Author = {Simonyan, K. and Zisserman, A.},
	Title = {Very deep convolutional networks for large-scale image recognition},
	Year = {2014},
	Journal = {International Conference for Learning Representations},
}

@article{bib:the_beginning,
	Author = {Boroday, N., and Klyushin, D. and Petunin, Y. and Andryushkiw, R.},
	Title = {Analysis of malignancy-associated DNA changes in interphase nuclei of buccal epithelium in persons with breast diseases},
	Journal = {Experimental Oncology},
	Year = {2004},
	Volume = {26},
	Number = {2},
	Pages = {158-160}
}

@book{book:mandelbrot,
	Author = {Mandelbrot, Benoît},
	Title = {The Fractal Geometry of Nature},
	Publisher = {W. H. Freeman and Co.},
	Year = {1982}
}

@article{bib:boxcount,
	Author = {Шуплецов, Ю. В. and Ампилова, Н. Б.},
	Year = {2014},
	Title = {Алгоритм вычисления размерности Минков- ского для полутоновых изображений},
	Journal = {Известия Российского Государственного Педагогического Университета Им. АИ Герцена},
	Volume = {165},
}

@book{book:serra,
	Title = {Image Analysis and Mathematical Morphology},
	Author = {Serra, Jean},
	Year = {1983},
	Publisher = {Academic Press Inc.},
	Place = {Orlando, USA},
}

@article{bib:cooldisttrans,
	Title = {Distance Functions in Digital Pictures},
	Author = {Rosenfeld, A. and Pfaltz, J.},
	Journal = {Pattern Recognition},
	Volume = {1},
	Year = {1968},
	Pages = {33-61},
}

@article{bib:watershed,
	Author = {Barnes, R. and Lehman, C. and Mulla, D.},
	Title = {Priority-flood: An optimal depression-filling and watershed-labeling algorithm for digital elevation models},
	Journal = {Computers and Geosciences},
	Volume = {62},
	Pages = {117-127},
}

@article{bib:lyashko,
	Author = {Ляшко, С. И. and Клюшин, Д. А. and Алексеенко, В. В.},
	Title = {Многомерное ранжирование с помощью эллиптического пилинга},
	Journal = {Кибернетика и системный анализ},
	Year = {2013},
	Volume = {4},
}

@book{book:haykin,
	Author = {Haykin, Simon},
	Title = {Neural Networks and Learning Machines},
	Year = {2009},
	Edition = {3},
	Publisher = {Pearson Education}
}

@inbook{book:voss,
	Author = {Voss, F. Richard},
	Chapter = {Random fractal forgeries},
	Title = {Fundamental algorithms for computer graphics},
	Pages = {805-835},
	Publisher = {Springer},
	Year = {1985},
}

@article{bib:harpeled,
	Author = {Har-Peled, Sariel},
	Title = {A practical approach for computing the diameter of a point set},
	Journal = {Proceedings of the seventeenth annual symposium on Computational geometry},
	Year = {2001},
}

@article{bib:diamset,
	Author = {Malandain, G. and Boissonnat, J.-D.},
	Title = {Computing the diameter of a point set},
	Journal = {International Journal of Computational Geometry and Applications},	
	Year = {2002},
	Volume = {12},
	Number = {6},
	Pages = {498-509},
}

@article{nn:perforated,
	Author = {Figurnov, Michael and
	Vetrov, Dmitry P. and
	Kohli, Pushmeet},
	Title = {PerforatedCNNs: Acceleration through Elimination of Redundant Convolutions},
	Journal = {Neural Information Processing Systems},
	Year = {2015},
}

@article{nn:acceleration,
	Author = {Zhang, Xiangyu and Zou, Jianhua and He, Kaiming and Sun, Jian},
	Title = {Accelerating Very Deep Convolutional Networks for Classification and Detection},
	Journal = {arXiv preprint arxiv:1505.06798},
	year      = {2015}
}

@article{nn:nin,
	Author = {Lin, Min and
	Chen, Qiang and
	Yan, Shuicheng},
	Title = {Network In Network},
	Journal = {International Conference for Learning Representations},
	Year = {2014}
}

@article{nn:imbalance,
	Author = {He, Haibo},
	Title = {Learning from Imbalanced Data},
	Journal = {IEEE Transactions on knowledge and data engineering},
	Volume = {21},
	Number = {9},
	Year = {2009}
}

@article{nn:l1l2regularization,
	Author = {Ng, Andrew Y.},
	Title = {Feature selection, \(L_1\) vs \(L_2\) regularization, and rotational invariance},
	Journal = {International Conference on Machine Learning},
	Year = {2004},
	Pages = {58}
}

@article{nn:rmsprop,
	title={RMSProp: Divide the gradient by a running average of its recent magnitude},
	author={Tieleman, T. and Hinton, G.},
	journal={COURSERA: Neural Networks for Machine Learning},
	year={2012}
}

@phdthesis{nn:imbalance2,
	Author = {Hensman, Paulina and Masko, David},
	Title = {The Impact of Imbalanced Training
	Data for Convolutional Neural
	Networks},
	School = {KTH Royak Institute of Technology, CSC School},
	Year = {2015}
}